<?xml version="1.0" encoding="UTF-8"?><collection xmlns="http://www.loc.gov/MARC21/slim"><record><leader>00390nam--2200133-i-4500</leader><controlfield tag="001">000034429</controlfield><controlfield tag="002">20161230</controlfield><controlfield tag="005">20161230201040</controlfield><controlfield tag="008">060222s1000------------r-----000-0-eng-d</controlfield><datafield ind1=" " ind2=" " tag="080"><subfield code="a">512:530.145.3(061.3)</subfield></datafield><datafield ind1=" " ind2=" " tag="245"><subfield code="a">Non-linear integrable systems - classical theory and quantum theory</subfield></datafield><datafield ind1=" " ind2=" " tag="490"><subfield code="a">Singapore, World Scientific, 1983, Vi + 289p</subfield></datafield><datafield ind1=" " ind2=" " tag="700"><subfield code="a">Jimbo, M.And Miwa, T</subfield></datafield><datafield ind1=" " ind2=" " tag="852"><subfield code="a">72842</subfield></datafield></record></collection>